@MISC{popper_2020,
    title={Ransomware Attacks Grow, Crippling Cities and Businesses}, url={https://www.nytimes.com/2020/02/09/technology/ransomware-attacks.html}, journal={The New York Times},
    publisher={The New York Times}, 
    author={Popper, Nathaniel}, 
    year={2020}, month={Feb}    }
    
@MISC{Winder_2019,
    title={New Orleans Declares State Of Emergency Following Cyber Attack}, url={https://www.forbes.com/sites/daveywinder/2019/12/14/new-orleans-declares-state-of-emergency-following-cyber-attack/##6b0530b56a05}, journal={Forbes},
    publisher={Forbes}, 
    author={Winder, Davey}, 
    year={2019}, month={Dec}}
    
@MISC{Netmarketshare_2020,
    title={Operating System Market Share}, 
    url={https://netmarketshare.com/operating-system-market-share.aspx}, 
    journal={Net Market Share},
    publisher={NetApplications}, 
    author={NetApplications}, 
    year={2020}, month={Jan}}

@MISC{Ransomware_background, 
    title={Ransomware}, 
    url={https://www.us-cert.gov/Ransomware}, 
    journal={Ransomware | CISA},
    publisher={U.S. Department of Homeland Security},
    author={U.S. Cybersecurity and Infrastructure Security Agency},
    year={2019}}
    
@MISC{Norton_2018,
    title={What is ransomware and how to help prevent ransomware attacks}, 
    url={https://us.norton.com/internetsecurity-malware-ransomware-5-dos-and-donts.html}, 
    journal={Norton Security Center},
    publisher={NortonLifeLock Inc.}, 
    author={Alison Grace Johansen}, 
    year={2018}, month={}}


@MISC{dormann:API,
  AUTHOR = 	 {Will Dormann and Robert Floodeen and Brent Kennedy and William Nichols and Jason McCormick and Robert C. Seacord},
  TITLE = 	 {{Heartbleed: Analysis, Thoughts, and Actions}},
  HOWPUBLISHED = {CMU SEI Webinar Series, Software Engineering Institute, Carnegie Mellon University},
  MONTH = 	 {May},
  YEAR = 	 {2014},
  NOTE = 	 {\url{http://www.sei.cmu.edu/webinars/view_webinar.cfm?webinarid=90499}, Accessed August 20, 2016}
}

% Examples below temporarily preserved for use
@INPROCEEDINGS{clark:pct,
	AUTHOR = "Malcolm Clark",
	TITLE = "Post Congress Tristesse",
	BOOKTITLE = "TeX90 Conference Proceedings",
	PAGES = "84-89",
	ORGANIZATION = "TeX Users Group",
	PUBLISHER = "TeX Users Group",
	ADDRESS = "Cork, Ireland",
	MONTH = "March", 
	YEAR = {1991}	}

@ARTICLE{herlihy:methodology,
	AUTHOR = "Maurice Herlihy",
	TITLE = "A Methodology for Implementing Highly Concurrent
	Data Objects",
	JOURNAL = {ACM Trans. Program. Lang. Syst.},
	VOLUME = {15},
	NUMBER = {5},
	PAGES = {745-770},
	MONTH = "November",
	YEAR = {1993}	}

@BOOK{Lamport:LaTeX,
	AUTHOR = "Leslie Lamport",
	TITLE = "LaTeX User's Guide and Document Reference Manual",
	PUBLISHER = "Addison-Wesley Publishing Company",
	ADDRESS = "Reading, Massachusetts",
	YEAR = "1986"	}

@BOOK{salas:calculus,
	AUTHOR = "S.L. Salas and Einar Hille",
	TITLE = "Calculus: One and Several Variable",
	PUBLISHER = "John Wiley and Sons",
	ADDRESS = "New York",
	YEAR = "1978"	}






